@inproceedings{jiang2007deckard,
  title={Deckard: Scalable and accurate tree-based detection of code clones},
  author={Jiang, Lingxiao and Misherghi, Ghassan and Su, Zhendong and Glondu, Stephane},
  booktitle={29th International Conference on Software Engineering (ICSE'07)},
  pages={96--105},
  year={2007},
  organization={IEEE}
}

@inproceedings{lee2010instant,
  title={Instant code clone search},
  author={Lee, Mu-Woong and Roh, Jong-Won and Hwang, Seung-won and Kim, Sunghun},
  booktitle={Proceedings of the eighteenth ACM SIGSOFT international symposium on Foundations of software engineering},
  pages={167--176},
  year={2010}
}

@inproceedings{keivanloo2011internet,
  title={Internet-scale real-time code clone search via multi-level indexing},
  author={Keivanloo, Iman and Rilling, Juergen and Charland, Philippe},
  booktitle={2011 18th Working Conference on Reverse Engineering},
  pages={23--27},
  year={2011},
  organization={IEEE}
}

@inproceedings{white2016deep,
  title={Deep learning code fragments for code clone detection},
  author={White, Martin and Tufano, Michele and Vendome, Christopher and Poshyvanyk, Denys},
  booktitle={2016 31st IEEE/ACM International Conference on Automated Software Engineering (ASE)},
  pages={87--98},
  year={2016},
  organization={IEEE}
}

@inproceedings{bajracharya2006sourcerer,
  title={Sourcerer: a search engine for open source code supporting structure-based search},
  author={Bajracharya, Sushil and Ngo, Trung and Linstead, Erik and Dou, Yimeng and Rigor, Paul and Baldi, Pierre and Lopes, Cristina},
  booktitle={Companion to the 21st ACM SIGPLAN symposium on Object-oriented programming systems, languages, and applications},
  pages={681--682},
  year={2006}
}

@article{mcmillan2011exemplar,
  title={Exemplar: A source code search engine for finding highly relevant applications},
  author={McMillan, Collin and Grechanik, Mark and Poshyvanyk, Denys and Fu, Chen and Xie, Qing},
  journal={IEEE Transactions on Software Engineering},
  volume={38},
  number={5},
  pages={1069--1087},
  year={2011},
  publisher={IEEE}
}

@inproceedings{kim2010towards,
  title={Towards an intelligent code search engine.},
  author={Kim, Jinhan and Lee, Sanghoon and Hwang, Seung-won and Kim, Sunghun},
  booktitle={AAAI},
  year={2010}
}

@inproceedings{kim2018facoy,
  title={FaCoY: a code-to-code search engine},
  author={Kim, Kisub and Kim, Dongsun and Bissyand{\'e}, Tegawend{\'e} F and Choi, Eunjong and Li, Li and Klein, Jacques and Traon, Yves Le},
  booktitle={Proceedings of the 40th International Conference on Software Engineering},
  pages={946--957},
  year={2018}
}

@inproceedings{gu2018deep,
  title={Deep code search},
  author={Gu, Xiaodong and Zhang, Hongyu and Kim, Sunghun},
  booktitle={2018 IEEE/ACM 40th International Conference on Software Engineering (ICSE)},
  pages={933--944},
  year={2018},
  organization={IEEE}
}

@inproceedings{kreutzer2016automatic,
  title={Automatic clustering of code changes},
  author={Kreutzer, Patrick and Dotzler, Georg and Ring, Matthias and Eskofier, Bjoern M and Philippsen, Michael},
  booktitle={2016 IEEE/ACM 13th Working Conference on Mining Software Repositories (MSR)},
  pages={61--72},
  year={2016},
  organization={IEEE}
}

@inproceedings{dias2015untangling,
  title={Untangling fine-grained code changes},
  author={Dias, Mart{\'\i}n and Bacchelli, Alberto and Gousios, Georgios and Cassou, Damien and Ducasse, St{\'e}phane},
  booktitle={2015 IEEE 22nd International Conference on Software Analysis, Evolution, and Reengineering (SANER)},
  pages={341--350},
  year={2015},
  organization={IEEE}
}

@article{kamei2012large,
  title={A large-scale empirical study of just-in-time quality assurance},
  author={Kamei, Yasutaka and Shihab, Emad and Adams, Bram and Hassan, Ahmed E and Mockus, Audris and Sinha, Anand and Ubayashi, Naoyasu},
  journal={IEEE Transactions on Software Engineering},
  volume={39},
  number={6},
  pages={757--773},
  year={2012},
  publisher={IEEE}
}

@article{munson1992detection,
  title={The detection of fault-prone programs},
  author={Munson, John C. and Khoshgoftaar, Taghi M.},
  journal={IEEE Transactions on software Engineering},
  volume={18},
  number={5},
  pages={423},
  year={1992},
  publisher={IEEE Computer Society}
}

@article{chidamber1994metrics,
  title={A metrics suite for object oriented design},
  author={Chidamber, Shyam R and Kemerer, Chris F},
  journal={IEEE Transactions on software engineering},
  volume={20},
  number={6},
  pages={476--493},
  year={1994},
  publisher={IEEE}
}

@inproceedings{nagappan2005use,
  title={Use of relative code churn measures to predict system defect density},
  author={Nagappan, Nachiappan and Ball, Thomas},
  booktitle={Proceedings of the 27th international conference on Software engineering},
  pages={284--292},
  year={2005}
}

@inproceedings{nam2013transfer,
  title={Transfer defect learning},
  author={Nam, Jaechang and Pan, Sinno Jialin and Kim, Sunghun},
  booktitle={2013 35th international conference on software engineering (ICSE)},
  pages={382--391},
  year={2013},
  organization={IEEE}
}

@inproceedings{watanabe2008adapting,
  title={Adapting a fault prediction model to allow inter languagereuse},
  author={Watanabe, Shinya and Kaiya, Haruhiko and Kaijiri, Kenji},
  booktitle={Proceedings of the 4th international workshop on Predictor models in software engineering},
  pages={19--24},
  year={2008}
}

@article{ma2012transfer,
  title={Transfer learning for cross-company software defect prediction},
  author={Ma, Ying and Luo, Guangchun and Zeng, Xue and Chen, Aiguo},
  journal={Information and Software Technology},
  volume={54},
  number={3},
  pages={248--256},
  year={2012},
  publisher={Elsevier}
}

@inproceedings{mockus2000identifying,
  title={Identifying Reasons for Software Changes using Historic Databases.},
  author={Mockus, Audris and Votta, Lawrence G},
  booktitle={icsm},
  pages={120--130},
  year={2000}
}

@article{kim2008classifying,
  title={Classifying software changes: Clean or buggy?},
  author={Kim, Sunghun and Whitehead, E James and Zhang, Yi},
  journal={IEEE Transactions on Software Engineering},
  volume={34},
  number={2},
  pages={181--196},
  year={2008},
  publisher={IEEE}
}

@article{kamei2016studying,
  title={Studying just-in-time defect prediction using cross-project models},
  author={Kamei, Yasutaka and Fukushima, Takafumi and McIntosh, Shane and Yamashita, Kazuhiro and Ubayashi, Naoyasu and Hassan, Ahmed E},
  journal={Empirical Software Engineering},
  volume={21},
  number={5},
  pages={2072--2106},
  year={2016},
  publisher={Springer}
}

@article{nam2017heterogeneous,
  title={Heterogeneous defect prediction},
  author={Nam, Jaechang and Fu, Wei and Kim, Sunghun and Menzies, Tim and Tan, Lin},
  journal={IEEE Transactions on Software Engineering},
  volume={44},
  number={9},
  pages={874--896},
  year={2017},
  publisher={IEEE}
}

@inproceedings{nam2015heterogeneous,
author = {Nam, Jaechang and Kim, Sunghun},
title = {Heterogeneous Defect Prediction},
year = {2015},
isbn = {9781450336758},
publisher = {Association for Computing Machinery},
address = {New York, NY, USA},
url = {https://doi.org/10.1145/2786805.2786814},
doi = {10.1145/2786805.2786814},
booktitle = {Proceedings of the 2015 10th Joint Meeting on Foundations of Software Engineering},
pages = {508–519},
numpages = {12},
keywords = {Defect prediction, quality assurance, heterogeneous metrics},
location = {Bergamo, Italy},
series = {ESEC/FSE 2015}
}

@inproceedings{Jing2015heterogeneous,
author = {Jing, Xiaoyuan and Wu, Fei and Dong, Xiwei and Qi, Fumin and Xu, Baowen},
title = {Heterogeneous Cross-Company Defect Prediction by Unified Metric Representation and CCA-Based Transfer Learning},
booktitle={Proceedings of the 2015 10th Joint Meeting on Foundations of Software Engineering},
year = {2015},
isbn = {9781450336758},
publisher = {Association for Computing Machinery},
address = {New York, NY, USA},
url = {https://doi.org/10.1145/2786805.2786813},
doi = {10.1145/2786805.2786813},
pages = {496–507},
numpages = {12},
keywords = {common metrics, company-specific metrics, Heterogeneous cross-company defect prediction (HCCDP), unified metric representation, canonical correlation analysis (CCA)},
location = {Bergamo, Italy},
}

@article{li2018cost,
  title={Cost-sensitive transfer kernel canonical correlation analysis for heterogeneous defect prediction},
  author={Li, Zhiqiang and Jing, Xiao-Yuan and Wu, Fei and Zhu, Xiaoke and Xu, Baowen and Ying, Shi},
  journal={Automated Software Engineering},
  volume={25},
  number={2},
  pages={201--245},
  year={2018},
  publisher={Springer}
}

@inproceedings{li2019heterogeneous,
	Author = {Li, Zhiqiang and Jing, Xiao-Yuan and Zhu, Xiaoke and Zhang, Hongyu and Xu, Baowen and Ying, Shi},
	title = {Heterogeneous defect prediction with two-stage ensemble learning},
  Da = {2019/09/01},
	Date-Added = {2020-08-20 04:50:53 +0000},
	Date-Modified = {2020-08-20 04:50:53 +0000},
	Doi = {10.1007/s10515-019-00259-1},
	Id = {Li2019},
	Isbn = {1573-7535},
	booktitle = {Automated Software Engineering},
	Number = {3},
	Pages = {599--651},
	Ty = {JOUR},
	Volume = {26},
	Year = {2019},
}

@article{tong2019kernel,
  title={Kernel Spectral Embedding Transfer Ensemble for Heterogeneous Defect Prediction},
  author={Tong, Haonan and Liu, Bin and Wang, Shihai},
  journal={IEEE Transactions on Software Engineering},
  year={2019},
  publisher={IEEE}
}


@article{sliwerski2005changes,
  title={When do changes induce fixes?},
  author={{\'S}liwerski, Jacek and Zimmermann, Thomas and Zeller, Andreas},
  journal={ACM sigsoft software engineering notes},
  volume={30},
  number={4},
  pages={1--5},
  year={2005},
  publisher={AhiM New York, NY, USA}
}

@inproceedings{falleri2014fine,
  title={Fine-grained and accurate source code differencing},
  author={Falleri, Jean-R{\'e}my and Morandat, Flor{\'e}al and Blanc, Xavier and Martinez, Matias and Monperrus, Martin},
  booktitle={Proceedings of the 29th ACM/IEEE international conference on Automated software engineering},
  pages={313--324},
  year={2014}
}

@inproceedings{lewis2013does,
  title={Does bug prediction support human developers? findings from a google case study},
  author={Lewis, Chris and Lin, Zhongpeng and Sadowski, Caitlin and Zhu, Xiaoyan and Ou, Rong and Whitehead, E James},
  booktitle={2013 35th International Conference on Software Engineering (ICSE)},
  pages={372--381},
  year={2013},
  organization={IEEE}
}

@inproceedings{nam2015clami,
  title={Clami: Defect prediction on unlabeled datasets (t)},
  author={Nam, Jaechang and Kim, Sunghun},
  booktitle={2015 30th IEEE/ACM International Conference on Automated Software Engineering (ASE)},
  pages={452--463},
  year={2015},
  organization={IEEE}
}

@inproceedings{zhang2016cross,
  title={Cross-project defect prediction using a connectivity-based unsupervised classifier},
  author={Zhang, Feng and Zheng, Quan and Zou, Ying and Hassan, Ahmed E},
  booktitle={2016 IEEE/ACM 38th International Conference on Software Engineering (ICSE)},
  pages={309--320},
  year={2016},
  organization={IEEE}
}

@inproceedings{fu2017revisiting,
  title={Revisiting unsupervised learning for defect prediction},
  author={Fu, Wei and Menzies, Tim},
  booktitle={Proceedings of the 2017 11th Joint Meeting on Foundations of Software Engineering},
  pages={72--83},
  year={2017}
}

@article{myers1986ano,
  title={AnO (ND) difference algorithm and its variations},
  author={Myers, Eugene W},
  journal={Algorithmica},
  volume={1},
  number={1-4},
  pages={251--266},
  year={1986},
  publisher={Springer}
}


@inproceedings{neto2018impact,
  title={The impact of refactoring changes on the szz algorithm: An empirical study},
  author={Neto, Edmilson Campos and da Costa, Daniel Alencar and Kulesza, Uir{\'a}},
  booktitle={2018 IEEE 25th International Conference on Software Analysis, Evolution and Reengineering (SANER)},
  pages={380--390},
  year={2018},
  organization={IEEE}
}